%
%  Vzor bibliografické databáze pro automatickou tvorbu seznamu referencí
%  pomocí BibTeXu
%
%  Doporučený software pro správu databáze literatury formátu *.bib:
%    JabRef, http://jabref.sourceforge.net/
%
%  POZOR:
%
%    *  Písmena v názvech publikací, jež je třeba tisknout vždy velká, se musejí psát
%       do složených závorek ({T}hailand, {HIV})
%
%  ===========================================================================

@INPROCEEDINGS{MPIIHPE,
    author = {Mykhaylo Andriluka and Leonid Pishchulin and Peter Gehler and Schiele, Bernt},
    title = {{2D Human Pose Estimation: New Benchmark and State of the Art Analysis}},
    booktitle = {IEEE Conference on Computer Vision and Pattern Recognition (CVPR)},
    year = {2014},
    month = {June},
}

@ARTICLE{Caffe,
    author = {Jia, Yangqing and Shelhamer, Evan and Donahue, Jeff and Karayev, Sergey and Long, Jonathan and Girshick, Ross and Guadarrama, Sergio and Darrell, Trevor},
    journal = {arXiv preprint arXiv:1408.5093},
    title = {{Caffe: Convolutional Architecture for Fast Feature Embedding}},
    year = {2014},
}

@ARTICLE{OpenPose,
    author = {Cao, Zhe and Hidalgo, Gines and Simon, Tomas and Wei, Shih-En and Sheikh, Yaser},
    journal = {IEEE Transactions on Pattern Analysis and Machine Intelligence},
    title = {{OpenPose: Realtime Multi-Person 2D Pose Estimation Using Part Affinity Fields}},
    year = {2021},
    volume = {43},
    number = {1},
    pages = {172-186},
    doi = {10.1109/TPAMI.2019.2929257},
}
  
@ARTICLE{OpenCV, 
    author = {Bradski, G.}, 
    citeulike-article-id = {2236121}, 
    journal = {Dr. Dobb's Journal of Software Tools}, 
    keywords = {bibtex-import}, 
    posted-at = {2008-01-15 19:21:54}, 
    priority = {4}, 
    title = {{The OpenCV Library}}, 
    year = {2000},
}

@MISC{gnuplot,                    
    author = {Thomas Williams and Colin Kelley and {many others}},
    title = {Gnuplot 4.6: an interactive plotting program},
    month = {April},
    year = {2013},
    howpublished = {[online]},
    url = {http://gnuplot.sourceforge.net/},
}

@BOOK{MATLAB, 
    year = {2010},
    author = {MATLAB},
    title = {{version 7.10.0 (R2010a)}},
    publisher = {The MathWorks Inc.},
    address = {Natick, Massachusetts},
}

@ARTICLE{Matplotlib,
  author = {Hunter, J. D.},
  title = {{Matplotlib: A 2D graphics environment}},
  journal = {Computing in Science \& Engineering},
  volume = {9},
  number = {3},
  pages = {90--95},
  abstract = {Matplotlib is a 2D graphics package used for Python for
  application development, interactive scripting, and publication-quality
  image generation across user interfaces and operating systems.},
  publisher = {IEEE COMPUTER SOC},
  doi = {10.1109/MCSE.2007.55},
  year = 2007
}

@MISC{IAAFBR,
    author = {World Athletics},
    year = {2021},
    title = {Research centre},
    howpublished = {[online]},
    url = {https://www.worldathletics.org/about-iaaf/documents/research-centre},
    note = {Naposledy navštíveno 17.~5.~2021.},
}

@MISC{IAAF2017,
    author = {Gravestock, Helen and Bissas, Athanassios and Merlino, Stéphane},
    year = {2017},
    title = {{Biomechanical report for the IAAF World Championships London 2017: Pole Vault Men's}},
    url = {https://www.worldathletics.org/download/download?filename=e2903e25-0ee3-43d2-b031-1af5a3b84fb8.pdf&urlslug=Men%27s%20pole%20vault%20-%202017%20IAAF%20World%20Championships%20Biomechanical%20report}
}































